@misc{jwt,
  title = {JSON Web Tokens},
  timestamp = {2018-01-21},
  howpublished = {\url{https://jwt.io}}
}

@misc{apache-kafka,
  title = {Apache Kafka},
  timestamp = {2018-01-21},
  howpublished = {\url{https://kafka.apache.org}}
}

@misc{scalapb,
  title = {ScalaPB},
  timestamp = {2018-01-21},
  howpublished = {\url{https://scalapb.github.io}}
}

@misc{crc32,
  author = {W Kowalk},
  title = {CRC Cyclic Redundancy Check Analysing and Correcting Errors},
  note = {Universit√§t Oldenburg},
  howpublished = {\url{http://einstein.informatik.uni-oldenburg.de/papers/CRC-BitfilterEng.pdf}}
}

@techreport{intel-sha256,
  author = {Guilford Jim and Kirk Yap and Vinodh Gopal},
  title = {Fast SHA-256 Implementations on Intel Architecture Processors},
  institution = {Intel},
  timestamp = {2018-01-21},
  howpublished = {\url{https://www.intel.com/content/dam/www/public/us/en/documents/white-papers/sha-256-implementations-paper.pdf}}
}

@misc{protobuf,
  title = {Protocol Buffers},
  timestamp = {2017-03-05T00:55:18Z},
  howpublished = {\url{https://developers.google.com/protocol-buffers/}}
}

@misc{blns,
  title = {The Big List of Naughty Strings},
  timestamp = {2017-03-05T00:55:18Z},
  howpublished = {\url{https://github.com/minimaxir/big-list-of-naughty-strings}}
}

@misc{akka,
  title = {Akka},
  timestamp = {2017-03-05T00:55:18Z},
  howpublished = {\url{https://akka.io}}
}

@misc{play,
  title = {Play Framework},
  timestamp = {2017-03-05T00:55:18Z},
  howpublished = {\url{https://playframework.com}}
}

