@misc{haskell,
  title = {Haskell},
  timestamp = {2018-06-11},
  howpublished = {\url{https://www.haskell.org}}
}

@misc{fsharp,
  title = {F\#},
  timestamp = {2018-06-11},
  howpublished = {\url{https://fsharp.org}}
}

@misc{adapter-pattern,
  title = {Adapter Pattern},
  timestamp = {2018-06-11},
  howpublished = {\url{https://en.wikipedia.org/wiki/Adapter_pattern}}
}
