@book{joel-on-software,
    author    = {Joel Spolsky},
    title     = {Joel on Software},
    year      = {2004},
    publisher = {Apress}
}

@book{peopleware,
    author    = {Tom DeMarco},
    title     = {Peopleware: Productive Projects and Teams },
    year      = {2013},
    publisher = {Addison-Wesley Professional}
}
