@misc{alfie-kohn-hbr,
    author    = {Alfie Kohn},
    title     = {Why Incentive Plans Cannot Work},
    timestamp = {2018-02-10},
    howpublished = {\url{https://hbr.org/1993/09/why-incentive-plans-cannot-work}}
}

https://www.joelonsoftware.com/2000/04/03/incentive-pay-considered-harmful/

@misc{Fu:AuI932n8,
    author = {Fu, Kevin and Xu, Wenyuan},
    title = {Risks of Trusting the Physics of Sensors},
    howpublished = {\url{http://delivery.acm.org/10.1145/3180000/3176402/p20-fu.pdf}}
}
