@book{eip,
  author    = {Gregor Hohpe, Bobby Woolf}, 
  title     = {Enterprise Integration Patterns},
  publisher = {Addison-Wesley},
  year      = 2003,
  address   = {The address},
  month     = 10,
  note      = {An optional note},
  isbn      = {0321200683}
}
