@misc{joeltest,
    author    = {Joel Spolsky},
    title     = {The Joel Test: 12 Steps to Better Code},
    timestamp = {2009-08-09},
    howpublished = {\url{https://www.joelonsoftware.com/2000/08/09/the-joel-test-12-steps-to-better-code/}}
}

@misc{mirrormaker,
    author    = {Confluent},
    title     = {Apache Kafka MirrorMaker},
    timestamp = {2018-05-10},
    howpublished = {\url{https://docs.confluent.io/current/multi-dc/mirrormaker.html}}
}

@misc{kafka,
    author    = {Apache Kafka},
    title     = {Apache Kafka},
    timestamp = {2018-05-10},
    howpublished = {\url{https://kafka.apache.org}}
}

@misc{kinesis,
    author    = {AWS Kinesis},
    title     = {AWS Kinesis},
    timestamp = {2018-05-10},
    howpublished = {\url{https://aws.amazon.com/kinesis/}}
}

@misc{protobuf,
  title = {Protocol Buffers},
  timestamp = {2017-03-05},
  howpublished = {\url{https://developers.google.com/protocol-buffers/}}
}

@misc{mysql,
  title = {MySQL},
  timestamp = {2017-03-05},
  howpublished = {\url{https://www.mysql.com/}}
}

@misc{goto-2017,
  title = {One does not simply put Machine Learning into Production},
  author = {Henrik Brink},
  timestamp = {2017-12-21},
  howpublished = {\url{https://www.youtube.com/watch?v=JKxIiSfWtjI&t=847s}}
}

@misc{high-interest-debt,
  title = {Machine Learning: The High Interest Credit Card of Technical Debt},
  author = {D. Sculley, Gary Holt, Daniel Golovin, Eugene Davydov, Todd Phillips, Dietmar Ebner, Vinay Chaudhary, Michael Young},
  timestamp = {2014},
  howpublished = {\url{https://ai.google/research/pubs/pub43146}}
}

@misc{rules-of-ml,
  title = {Rules of Machine Learning: Best Practices for ML Engineering},
  author = {Martin Zinkevich},
  timestamp = {2014},
  howpublished = {\url{http://martin.zinkevich.org/rules_of_ml/rules_of_ml.pdf}}
}
