@misc{akka,
  title = {Akka},
  timestamp = {2017-03-05T00:55:18Z},
  howpublished = {\url{https://akka.io}}
}

@misc{scalaz8,
  title = {Scalaz Actors},
  timestamp = {2017-03-05T00:55:18Z},
  howpublished = {\url{https://github.com/scalaz/scalaz/tree/series/7.3.x/concurrent/src/main/scala/scalaz/concurrent}}
}

@misc{transient,
  title = {Transient},
  timestamp = {2017-03-05T00:55:18Z},
  howpublished = {\url{https://github.com/transient-haskell/transient}}
}

@misc{thespian,
  title = {Thespian},
  timestamp = {2017-03-05T00:55:18Z},
  howpublished = {\url{https://bitbucket.org/alinabi/thespian}}
}

@misc{stm,
  title = {Software transactional memory},
  timestamp = {2017-03-05T00:55:18Z},
  howpublished = {\url{https://wiki.haskell.org/Software_transactional_memory}}
}

@book{prospring,
  title = {Pro Spring},
  author = {Jan Machacek, Rob Harrop},
  year      = {TODO: 2012},
  publisher = {Apress},
  address   = {TODO}
}

